<record><leader>00000cas a22000007a 4500</leader><controlfield tag="001">22432515</controlfield><controlfield tag="008">900925d18981uuucoudn ne      0    0eng d</controlfield><datafield ind1=" " ind2=" " tag="010"><subfield code="a">sn 90051729 </subfield></datafield><datafield ind1=" " ind2=" " tag="040"><subfield code="a">CNQ</subfield><subfield code="b">eng</subfield><subfield code="c">CNQ</subfield><subfield code="d">OCLCQ</subfield></datafield><datafield ind1=" " ind2=" " tag="042"><subfield code="a">msc</subfield></datafield><datafield ind1="0" ind2=" " tag="130"><subfield code="a">Daily miner (Creede, Colo.)</subfield></datafield><datafield ind1="1" ind2="4" tag="245"><subfield code="a">The daily miner.</subfield></datafield><datafield ind1=" " ind2=" " tag="260"><subfield code="a">City of Creede (Amethyst P.O.), Colo. :</subfield><subfield code="b">W.H. Sweet</subfield></datafield><datafield ind1=" " ind2=" " tag="300"><subfield code="a">v.</subfield></datafield><datafield ind1=" " ind2=" " tag="310"><subfield code="a">Daily (except Sun.)</subfield></datafield><datafield ind1="1" ind2=" " tag="362"><subfield code="a">Began in 1898.</subfield></datafield><datafield ind1=" " ind2=" " tag="530"><subfield code="a">Available on microfilm from the Colorado Historical Society.</subfield></datafield><datafield ind1=" " ind2=" " tag="580"><subfield code="a">Weekly ed.: Creede miner.</subfield></datafield><datafield ind1=" " ind2=" " tag="588"><subfield code="a">Description based on: Vol. 1, no. 13 (June 1898).</subfield></datafield><datafield ind1=" " ind2=" " tag="752"><subfield code="a">United States</subfield><subfield code="b">Colorado</subfield><subfield code="c">Mineral</subfield><subfield code="d">Creede.</subfield></datafield><datafield ind1="1" ind2=" " tag="775"><subfield code="t">Creede miner</subfield></datafield></record>